%YAML 1.1
%TAG !u! tag:unity3d.com,2011:
--- !u!29 &1
OcclusionCullingSettings:
  m_ObjectHideFlags: 0
  serializedVersion: 2
  m_OcclusionBakeSettings:
    smallestOccluder: 5
    smallestHole: 0.25
    backfaceThreshold: 100
  m_SceneGUID: 00000000000000000000000000000000
  m_OcclusionCullingData: {fileID: 0}
--- !u!104 &2
RenderSettings:
  m_ObjectHideFlags: 0
  serializedVersion: 9
  m_Fog: 1
  m_FogColor: {r: 0.5661765, g: 1, b: 0.69482756, a: 1}
  m_FogMode: 3
  m_FogDensity: 0.006
  m_LinearFogStart: 0
  m_LinearFogEnd: 300
  m_AmbientSkyColor: {r: 0.4044118, g: 0.39834154, b: 0.1843642, a: 1}
  m_AmbientEquatorColor: {r: 0.114, g: 0.125, b: 0.133, a: 1}
  m_AmbientGroundColor: {r: 0.047, g: 0.043, b: 0.035, a: 1}
  m_AmbientIntensity: 1
  m_AmbientMode: 3
  m_SubtractiveShadowColor: {r: 0.42, g: 0.478, b: 0.627, a: 1}
  m_SkyboxMaterial: {fileID: 2100000, guid: 18a18be315858d64c9a8ce50ccd52e64, type: 2}
  m_HaloStrength: 0.5
  m_FlareStrength: 1
  m_FlareFadeSpeed: 3
  m_HaloTexture: {fileID: 0}
  m_SpotCookie: {fileID: 10001, guid: 0000000000000000e000000000000000, type: 0}
  m_DefaultReflectionMode: 0
  m_DefaultReflectionResolution: 128
  m_ReflectionBounces: 1
  m_ReflectionIntensity: 1
  m_CustomReflection: {fileID: 0}
  m_Sun: {fileID: 0}
  m_IndirectSpecularColor: {r: 0.549257, g: 0.78058803, b: 0.77652794, a: 1}
  m_UseRadianceAmbientProbe: 0
--- !u!157 &3
LightmapSettings:
  m_ObjectHideFlags: 0
  serializedVersion: 12
  m_GIWorkflowMode: 1
  m_GISettings:
    serializedVersion: 2
    m_BounceScale: 1
    m_IndirectOutputScale: 1
    m_AlbedoBoost: 1
    m_EnvironmentLightingMode: 0
    m_EnableBakedLightmaps: 0
    m_EnableRealtimeLightmaps: 0
  m_LightmapEditorSettings:
    serializedVersion: 12
    m_Resolution: 2
    m_BakeResolution: 40
    m_AtlasSize: 1024
    m_AO: 0
    m_AOMaxDistance: 1
    m_CompAOExponent: 1
    m_CompAOExponentDirect: 0
    m_ExtractAmbientOcclusion: 0
    m_Padding: 2
    m_LightmapParameters: {fileID: 0}
    m_LightmapsBakeMode: 1
    m_TextureCompression: 1
    m_FinalGather: 0
    m_FinalGatherFiltering: 1
    m_FinalGatherRayCount: 256
    m_ReflectionCompression: 2
    m_MixedBakeMode: 1
    m_BakeBackend: 0
    m_PVRSampling: 1
    m_PVRDirectSampleCount: 32
    m_PVRSampleCount: 512
    m_PVRBounces: 2
    m_PVREnvironmentSampleCount: 512
    m_PVREnvironmentReferencePointCount: 2048
    m_PVRFilteringMode: 0
    m_PVRDenoiserTypeDirect: 0
    m_PVRDenoiserTypeIndirect: 0
    m_PVRDenoiserTypeAO: 0
    m_PVRFilterTypeDirect: 0
    m_PVRFilterTypeIndirect: 0
    m_PVRFilterTypeAO: 0
    m_PVREnvironmentMIS: 0
    m_PVRCulling: 1
    m_PVRFilteringGaussRadiusDirect: 1
    m_PVRFilteringGaussRadiusIndirect: 5
    m_PVRFilteringGaussRadiusAO: 2
    m_PVRFilteringAtrousPositionSigmaDirect: 0.5
    m_PVRFilteringAtrousPositionSigmaIndirect: 2
    m_PVRFilteringAtrousPositionSigmaAO: 1
    m_ExportTrainingData: 0
    m_TrainingDataDestination: TrainingData
    m_LightProbeSampleCountMultiplier: 4
  m_LightingDataAsset: {fileID: 0}
  m_LightingSettings: {fileID: 4890085278179872738, guid: 372ffb3aad751444f8d0ce90ef22b4f0, type: 2}
--- !u!196 &4
NavMeshSettings:
  serializedVersion: 2
  m_ObjectHideFlags: 0
  m_BuildSettings:
    serializedVersion: 2
    agentTypeID: 0
    agentRadius: 0.5
    agentHeight: 2
    agentSlope: 45
    agentClimb: 0.4
    ledgeDropHeight: 0
    maxJumpAcrossDistance: 0
    minRegionArea: 2
    manualCellSize: 0
    cellSize: 0.16666667
    manualTileSize: 0
    tileSize: 256
    accuratePlacement: 0
    maxJobWorkers: 0
    preserveTilesOutsideBounds: 0
    debug:
      m_Flags: 0
  m_NavMeshData: {fileID: 0}
--- !u!4 &21164840 stripped
Transform:
  m_CorrespondingSourceObject: {fileID: 487254, guid: 126d619cf4daa52469682f85c1378b4a, type: 3}
  m_PrefabInstance: {fileID: 415253809}
  m_PrefabAsset: {fileID: 0}
--- !u!1 &341116797
GameObject:
  m_ObjectHideFlags: 0
  m_CorrespondingSourceObject: {fileID: 0}
  m_PrefabInstance: {fileID: 0}
  m_PrefabAsset: {fileID: 0}
  serializedVersion: 6
  m_Component:
  - component: {fileID: 341116799}
  - component: {fileID: 341116798}
  m_Layer: 0
  m_Name: GameManager
  m_TagString: Untagged
  m_Icon: {fileID: 0}
  m_NavMeshLayer: 0
  m_StaticEditorFlags: 0
  m_IsActive: 1
--- !u!114 &341116798
MonoBehaviour:
  m_ObjectHideFlags: 0
  m_CorrespondingSourceObject: {fileID: 0}
  m_PrefabInstance: {fileID: 0}
  m_PrefabAsset: {fileID: 0}
  m_GameObject: {fileID: 341116797}
  m_Enabled: 1
  m_EditorHideFlags: 0
  m_Script: {fileID: 11500000, guid: 6b18bf64ff7dd1844a3e4baca5e52a1d, type: 3}
  m_Name: 
  m_EditorClassIdentifier: 
--- !u!4 &341116799
Transform:
  m_ObjectHideFlags: 0
  m_CorrespondingSourceObject: {fileID: 0}
  m_PrefabInstance: {fileID: 0}
  m_PrefabAsset: {fileID: 0}
  m_GameObject: {fileID: 341116797}
  m_LocalRotation: {x: 0, y: 0, z: 0, w: 1}
  m_LocalPosition: {x: 0, y: 0, z: 0}
  m_LocalScale: {x: 1, y: 1, z: 1}
  m_ConstrainProportionsScale: 0
  m_Children: []
  m_Father: {fileID: 0}
  m_RootOrder: 6
  m_LocalEulerAnglesHint: {x: 0, y: 0, z: 0}
--- !u!1001 &349068152
PrefabInstance:
  m_ObjectHideFlags: 0
  serializedVersion: 2
  m_Modification:
    m_TransformParent: {fileID: 0}
    m_Modifications:
    - target: {fileID: 1456703055220044, guid: b71e387166e4ce648849bbd6b762b736, type: 3}
      propertyPath: m_Name
      value: Stump (2)
      objectReference: {fileID: 0}
    - target: {fileID: 4556984811349870, guid: b71e387166e4ce648849bbd6b762b736, type: 3}
      propertyPath: m_RootOrder
      value: 0
      objectReference: {fileID: 0}
    - target: {fileID: 4556984811349870, guid: b71e387166e4ce648849bbd6b762b736, type: 3}
      propertyPath: m_LocalPosition.x
      value: 97.44
      objectReference: {fileID: 0}
    - target: {fileID: 4556984811349870, guid: b71e387166e4ce648849bbd6b762b736, type: 3}
      propertyPath: m_LocalPosition.y
      value: 100.3803
      objectReference: {fileID: 0}
    - target: {fileID: 4556984811349870, guid: b71e387166e4ce648849bbd6b762b736, type: 3}
      propertyPath: m_LocalPosition.z
      value: 127.49
      objectReference: {fileID: 0}
    - target: {fileID: 4556984811349870, guid: b71e387166e4ce648849bbd6b762b736, type: 3}
      propertyPath: m_LocalRotation.w
      value: 1
      objectReference: {fileID: 0}
    - target: {fileID: 4556984811349870, guid: b71e387166e4ce648849bbd6b762b736, type: 3}
      propertyPath: m_LocalRotation.x
      value: 0.000000021855694
      objectReference: {fileID: 0}
    - target: {fileID: 4556984811349870, guid: b71e387166e4ce648849bbd6b762b736, type: 3}
      propertyPath: m_LocalRotation.y
      value: -1.1102232e-16
      objectReference: {fileID: 0}
    - target: {fileID: 4556984811349870, guid: b71e387166e4ce648849bbd6b762b736, type: 3}
      propertyPath: m_LocalRotation.z
      value: 1.1102232e-16
      objectReference: {fileID: 0}
    m_RemovedComponents: []
  m_SourcePrefab: {fileID: 100100000, guid: b71e387166e4ce648849bbd6b762b736, type: 3}
--- !u!1001 &415253809
PrefabInstance:
  m_ObjectHideFlags: 0
  serializedVersion: 2
  m_Modification:
    m_TransformParent: {fileID: 2071197176}
    m_Modifications:
    - target: {fileID: 100004, guid: 126d619cf4daa52469682f85c1378b4a, type: 3}
      propertyPath: m_Name
      value: OVRCameraRig
      objectReference: {fileID: 0}
    - target: {fileID: 100004, guid: 126d619cf4daa52469682f85c1378b4a, type: 3}
      propertyPath: m_IsActive
      value: 1
      objectReference: {fileID: 0}
    - target: {fileID: 109308, guid: 126d619cf4daa52469682f85c1378b4a, type: 3}
      propertyPath: m_TagString
      value: LEFTHAND
      objectReference: {fileID: 0}
    - target: {fileID: 113768, guid: 126d619cf4daa52469682f85c1378b4a, type: 3}
      propertyPath: m_TagString
      value: RIGHTHAND
      objectReference: {fileID: 0}
    - target: {fileID: 400004, guid: 126d619cf4daa52469682f85c1378b4a, type: 3}
      propertyPath: m_RootOrder
      value: 0
      objectReference: {fileID: 0}
    - target: {fileID: 400004, guid: 126d619cf4daa52469682f85c1378b4a, type: 3}
      propertyPath: m_LocalPosition.x
      value: 0
      objectReference: {fileID: 0}
    - target: {fileID: 400004, guid: 126d619cf4daa52469682f85c1378b4a, type: 3}
      propertyPath: m_LocalPosition.y
      value: 2.0310698
      objectReference: {fileID: 0}
    - target: {fileID: 400004, guid: 126d619cf4daa52469682f85c1378b4a, type: 3}
      propertyPath: m_LocalPosition.z
      value: -0.002835527
      objectReference: {fileID: 0}
    - target: {fileID: 400004, guid: 126d619cf4daa52469682f85c1378b4a, type: 3}
      propertyPath: m_LocalRotation.w
      value: 1
      objectReference: {fileID: 0}
    - target: {fileID: 400004, guid: 126d619cf4daa52469682f85c1378b4a, type: 3}
      propertyPath: m_LocalRotation.x
      value: -0
      objectReference: {fileID: 0}
    - target: {fileID: 400004, guid: 126d619cf4daa52469682f85c1378b4a, type: 3}
      propertyPath: m_LocalRotation.y
      value: -0
      objectReference: {fileID: 0}
    - target: {fileID: 400004, guid: 126d619cf4daa52469682f85c1378b4a, type: 3}
      propertyPath: m_LocalRotation.z
      value: -0
      objectReference: {fileID: 0}
    - target: {fileID: 400004, guid: 126d619cf4daa52469682f85c1378b4a, type: 3}
      propertyPath: m_LocalEulerAnglesHint.x
      value: 0
      objectReference: {fileID: 0}
    - target: {fileID: 400004, guid: 126d619cf4daa52469682f85c1378b4a, type: 3}
      propertyPath: m_LocalEulerAnglesHint.y
      value: 0
      objectReference: {fileID: 0}
    - target: {fileID: 400004, guid: 126d619cf4daa52469682f85c1378b4a, type: 3}
      propertyPath: m_LocalEulerAnglesHint.z
      value: 0
      objectReference: {fileID: 0}
    m_RemovedComponents: []
  m_SourcePrefab: {fileID: 100100000, guid: 126d619cf4daa52469682f85c1378b4a, type: 3}
--- !u!1 &572070183 stripped
GameObject:
  m_CorrespondingSourceObject: {fileID: 2711533144599482398, guid: 0fd379035868bbc4d8b1e499b254ee9f, type: 3}
  m_PrefabInstance: {fileID: 7932262736875537466}
  m_PrefabAsset: {fileID: 0}
--- !u!54 &572070187
Rigidbody:
  m_ObjectHideFlags: 0
  m_CorrespondingSourceObject: {fileID: 0}
  m_PrefabInstance: {fileID: 0}
  m_PrefabAsset: {fileID: 0}
  m_GameObject: {fileID: 572070183}
  serializedVersion: 2
  m_Mass: 1
  m_Drag: 0
  m_AngularDrag: 0.05
  m_UseGravity: 1
  m_IsKinematic: 0
  m_Interpolate: 0
  m_Constraints: 0
  m_CollisionDetection: 0
--- !u!65 &572070188
BoxCollider:
  m_ObjectHideFlags: 0
  m_CorrespondingSourceObject: {fileID: 0}
  m_PrefabInstance: {fileID: 0}
  m_PrefabAsset: {fileID: 0}
  m_GameObject: {fileID: 572070183}
  m_Material: {fileID: 0}
  m_IsTrigger: 0
  m_Enabled: 1
  serializedVersion: 2
  m_Size: {x: 1, y: 2, z: 1}
  m_Center: {x: 0, y: 1.08, z: 0}
--- !u!1 &590969471
GameObject:
  m_ObjectHideFlags: 0
  m_CorrespondingSourceObject: {fileID: 0}
  m_PrefabInstance: {fileID: 0}
  m_PrefabAsset: {fileID: 0}
  serializedVersion: 6
  m_Component:
  - component: {fileID: 590969473}
  - component: {fileID: 590969472}
  m_Layer: 0
  m_Name: Directional Light
  m_TagString: Untagged
  m_Icon: {fileID: 0}
  m_NavMeshLayer: 0
  m_StaticEditorFlags: 0
  m_IsActive: 1
--- !u!108 &590969472
Light:
  m_ObjectHideFlags: 0
  m_CorrespondingSourceObject: {fileID: 0}
  m_PrefabInstance: {fileID: 0}
  m_PrefabAsset: {fileID: 0}
  m_GameObject: {fileID: 590969471}
  m_Enabled: 1
  serializedVersion: 10
  m_Type: 1
  m_Shape: 0
  m_Color: {r: 1, g: 0.98762673, b: 0.5514706, a: 1}
  m_Intensity: 1.66
  m_Range: 10
  m_SpotAngle: 30
  m_InnerSpotAngle: 21.80208
  m_CookieSize: 10
  m_Shadows:
    m_Type: 2
    m_Resolution: -1
    m_CustomResolution: -1
    m_Strength: 0.965
    m_Bias: 0.05
    m_NormalBias: 0.4
    m_NearPlane: 0.2
    m_CullingMatrixOverride:
      e00: 1
      e01: 0
      e02: 0
      e03: 0
      e10: 0
      e11: 1
      e12: 0
      e13: 0
      e20: 0
      e21: 0
      e22: 1
      e23: 0
      e30: 0
      e31: 0
      e32: 0
      e33: 1
    m_UseCullingMatrixOverride: 0
  m_Cookie: {fileID: 0}
  m_DrawHalo: 0
  m_Flare: {fileID: 0}
  m_RenderMode: 0
  m_CullingMask:
    serializedVersion: 2
    m_Bits: 4294967295
  m_RenderingLayerMask: 1
  m_Lightmapping: 4
  m_LightShadowCasterMode: 0
  m_AreaSize: {x: 1, y: 1}
  m_BounceIntensity: 1
  m_ColorTemperature: 6570
  m_UseColorTemperature: 0
  m_BoundingSphereOverride: {x: 0, y: 0, z: 0, w: 0}
  m_UseBoundingSphereOverride: 0
  m_UseViewFrustumForShadowCasterCull: 1
  m_ShadowRadius: 0
  m_ShadowAngle: 0
--- !u!4 &590969473
Transform:
  m_ObjectHideFlags: 0
  m_CorrespondingSourceObject: {fileID: 0}
  m_PrefabInstance: {fileID: 0}
  m_PrefabAsset: {fileID: 0}
  m_GameObject: {fileID: 590969471}
  m_LocalRotation: {x: 0.7042381, y: 0.0552521, z: 0.50752884, w: 0.49336642}
  m_LocalPosition: {x: 0, y: 3, z: 0}
  m_LocalScale: {x: 1, y: 1, z: 1}
  m_ConstrainProportionsScale: 0
  m_Children: []
  m_Father: {fileID: 0}
  m_RootOrder: 4
  m_LocalEulerAnglesHint: {x: 140.301, y: -90.14398, z: -48.575012}
--- !u!4 &613913697 stripped
Transform:
  m_CorrespondingSourceObject: {fileID: 482130, guid: 126d619cf4daa52469682f85c1378b4a, type: 3}
  m_PrefabInstance: {fileID: 415253809}
  m_PrefabAsset: {fileID: 0}
--- !u!1 &752077659
GameObject:
  m_ObjectHideFlags: 0
  m_CorrespondingSourceObject: {fileID: 0}
  m_PrefabInstance: {fileID: 0}
  m_PrefabAsset: {fileID: 0}
  serializedVersion: 6
  m_Component:
  - component: {fileID: 752077660}
  m_Layer: 0
  m_Name: WeaponGroup
  m_TagString: Untagged
  m_Icon: {fileID: 0}
  m_NavMeshLayer: 0
  m_StaticEditorFlags: 0
  m_IsActive: 1
--- !u!4 &752077660
Transform:
  m_ObjectHideFlags: 0
  m_CorrespondingSourceObject: {fileID: 0}
  m_PrefabInstance: {fileID: 0}
  m_PrefabAsset: {fileID: 0}
  m_GameObject: {fileID: 752077659}
  m_LocalRotation: {x: 0, y: 0, z: 0, w: 1}
  m_LocalPosition: {x: 0, y: 0, z: 0}
  m_LocalScale: {x: 1, y: 1, z: 1}
  m_ConstrainProportionsScale: 0
  m_Children:
  - {fileID: 1069795500}
  - {fileID: 1871437699}
  m_Father: {fileID: 0}
  m_RootOrder: 8
  m_LocalEulerAnglesHint: {x: 0, y: 0, z: 0}
--- !u!1 &989968663 stripped
GameObject:
  m_CorrespondingSourceObject: {fileID: 1977261233423868, guid: 2cebbe72b3420fb47b0861343e1b0a46, type: 3}
  m_PrefabInstance: {fileID: 2089733246}
  m_PrefabAsset: {fileID: 0}
--- !u!54 &989968667
Rigidbody:
  m_ObjectHideFlags: 0
  m_CorrespondingSourceObject: {fileID: 0}
  m_PrefabInstance: {fileID: 0}
  m_PrefabAsset: {fileID: 0}
  m_GameObject: {fileID: 989968663}
  serializedVersion: 2
  m_Mass: 1
  m_Drag: 0
  m_AngularDrag: 0.05
  m_UseGravity: 1
  m_IsKinematic: 0
  m_Interpolate: 0
  m_Constraints: 122
  m_CollisionDetection: 0
--- !u!65 &989968668
BoxCollider:
  m_ObjectHideFlags: 0
  m_CorrespondingSourceObject: {fileID: 0}
  m_PrefabInstance: {fileID: 0}
  m_PrefabAsset: {fileID: 0}
  m_GameObject: {fileID: 989968663}
  m_Material: {fileID: 0}
  m_IsTrigger: 0
  m_Enabled: 1
  serializedVersion: 2
  m_Size: {x: 1, y: 8, z: 1}
  m_Center: {x: 0, y: 4, z: 0}
--- !u!4 &989968671 stripped
Transform:
  m_CorrespondingSourceObject: {fileID: 4568260420906790, guid: 2cebbe72b3420fb47b0861343e1b0a46, type: 3}
  m_PrefabInstance: {fileID: 2089733246}
  m_PrefabAsset: {fileID: 0}
--- !u!1001 &1021399407
PrefabInstance:
  m_ObjectHideFlags: 0
  serializedVersion: 2
  m_Modification:
    m_TransformParent: {fileID: 21164840}
    m_Modifications:
    - target: {fileID: 195418, guid: ba1fa4a8c66106b4988c88fe4b8e8502, type: 3}
      propertyPath: m_Name
      value: CustomHandRight
      objectReference: {fileID: 0}
    - target: {fileID: 195418, guid: ba1fa4a8c66106b4988c88fe4b8e8502, type: 3}
      propertyPath: m_TagString
      value: Untagged
      objectReference: {fileID: 0}
    - target: {fileID: 422740, guid: ba1fa4a8c66106b4988c88fe4b8e8502, type: 3}
      propertyPath: m_RootOrder
      value: 1
      objectReference: {fileID: 0}
    - target: {fileID: 422740, guid: ba1fa4a8c66106b4988c88fe4b8e8502, type: 3}
      propertyPath: m_LocalPosition.x
      value: 0
      objectReference: {fileID: 0}
    - target: {fileID: 422740, guid: ba1fa4a8c66106b4988c88fe4b8e8502, type: 3}
      propertyPath: m_LocalPosition.y
      value: 0
      objectReference: {fileID: 0}
    - target: {fileID: 422740, guid: ba1fa4a8c66106b4988c88fe4b8e8502, type: 3}
      propertyPath: m_LocalPosition.z
      value: 0
      objectReference: {fileID: 0}
    - target: {fileID: 422740, guid: ba1fa4a8c66106b4988c88fe4b8e8502, type: 3}
      propertyPath: m_LocalRotation.w
      value: 0.7071067
      objectReference: {fileID: 0}
    - target: {fileID: 422740, guid: ba1fa4a8c66106b4988c88fe4b8e8502, type: 3}
      propertyPath: m_LocalRotation.x
      value: -0
      objectReference: {fileID: 0}
    - target: {fileID: 422740, guid: ba1fa4a8c66106b4988c88fe4b8e8502, type: 3}
      propertyPath: m_LocalRotation.y
      value: -0
      objectReference: {fileID: 0}
    - target: {fileID: 422740, guid: ba1fa4a8c66106b4988c88fe4b8e8502, type: 3}
      propertyPath: m_LocalRotation.z
      value: -0.7071068
      objectReference: {fileID: 0}
    - target: {fileID: 422740, guid: ba1fa4a8c66106b4988c88fe4b8e8502, type: 3}
      propertyPath: m_LocalEulerAnglesHint.x
      value: 0
      objectReference: {fileID: 0}
    - target: {fileID: 422740, guid: ba1fa4a8c66106b4988c88fe4b8e8502, type: 3}
      propertyPath: m_LocalEulerAnglesHint.y
      value: 0
      objectReference: {fileID: 0}
    - target: {fileID: 422740, guid: ba1fa4a8c66106b4988c88fe4b8e8502, type: 3}
      propertyPath: m_LocalEulerAnglesHint.z
      value: -90
      objectReference: {fileID: 0}
    m_RemovedComponents: []
  m_SourcePrefab: {fileID: 100100000, guid: ba1fa4a8c66106b4988c88fe4b8e8502, type: 3}
--- !u!4 &1069795500 stripped
Transform:
  m_CorrespondingSourceObject: {fileID: 2869413995942106812, guid: e8bfe197d6130bc458953aa949acc195, type: 3}
  m_PrefabInstance: {fileID: 2053701220}
  m_PrefabAsset: {fileID: 0}
--- !u!1001 &1142297841
PrefabInstance:
  m_ObjectHideFlags: 0
  serializedVersion: 2
  m_Modification:
    m_TransformParent: {fileID: 752077660}
    m_Modifications:
    - target: {fileID: 1212262517, guid: 9cc6079d572e9dc43bedf483b3426281, type: 3}
      propertyPath: m_LocalPosition.x
      value: 0.03
      objectReference: {fileID: 0}
    - target: {fileID: 1212262517, guid: 9cc6079d572e9dc43bedf483b3426281, type: 3}
      propertyPath: m_LocalPosition.y
      value: 0
      objectReference: {fileID: 0}
    - target: {fileID: 1212262517, guid: 9cc6079d572e9dc43bedf483b3426281, type: 3}
      propertyPath: m_LocalPosition.z
      value: 0
      objectReference: {fileID: 0}
    - target: {fileID: 1982425320, guid: 9cc6079d572e9dc43bedf483b3426281, type: 3}
      propertyPath: m_Enabled
      value: 0
      objectReference: {fileID: 0}
    - target: {fileID: 2041893528, guid: 9cc6079d572e9dc43bedf483b3426281, type: 3}
      propertyPath: arrowPrefab
      value: 
      objectReference: {fileID: 8274511104028410912, guid: 93030cfbba97d204fb57cbea0637205b, type: 3}
    - target: {fileID: 1717406733745140, guid: 9cc6079d572e9dc43bedf483b3426281, type: 3}
      propertyPath: m_Name
      value: Wooden Bow
      objectReference: {fileID: 0}
    - target: {fileID: 1717406733745140, guid: 9cc6079d572e9dc43bedf483b3426281, type: 3}
      propertyPath: m_IsActive
      value: 1
      objectReference: {fileID: 0}
    - target: {fileID: 4620178347958848, guid: 9cc6079d572e9dc43bedf483b3426281, type: 3}
      propertyPath: m_RootOrder
      value: 1
      objectReference: {fileID: 0}
    - target: {fileID: 4620178347958848, guid: 9cc6079d572e9dc43bedf483b3426281, type: 3}
      propertyPath: m_LocalPosition.x
      value: 79.15
      objectReference: {fileID: 0}
    - target: {fileID: 4620178347958848, guid: 9cc6079d572e9dc43bedf483b3426281, type: 3}
      propertyPath: m_LocalPosition.y
      value: 106.3452
      objectReference: {fileID: 0}
    - target: {fileID: 4620178347958848, guid: 9cc6079d572e9dc43bedf483b3426281, type: 3}
      propertyPath: m_LocalPosition.z
      value: 165.51
      objectReference: {fileID: 0}
    - target: {fileID: 4620178347958848, guid: 9cc6079d572e9dc43bedf483b3426281, type: 3}
      propertyPath: m_LocalRotation.w
      value: 0.25752366
      objectReference: {fileID: 0}
    - target: {fileID: 4620178347958848, guid: 9cc6079d572e9dc43bedf483b3426281, type: 3}
      propertyPath: m_LocalRotation.x
      value: 0.011728933
      objectReference: {fileID: 0}
    - target: {fileID: 4620178347958848, guid: 9cc6079d572e9dc43bedf483b3426281, type: 3}
      propertyPath: m_LocalRotation.y
      value: 0.96520025
      objectReference: {fileID: 0}
    - target: {fileID: 4620178347958848, guid: 9cc6079d572e9dc43bedf483b3426281, type: 3}
      propertyPath: m_LocalRotation.z
      value: -0.04396012
      objectReference: {fileID: 0}
    - target: {fileID: 4620178347958848, guid: 9cc6079d572e9dc43bedf483b3426281, type: 3}
      propertyPath: m_LocalEulerAnglesHint.x
      value: 0
      objectReference: {fileID: 0}
    - target: {fileID: 4620178347958848, guid: 9cc6079d572e9dc43bedf483b3426281, type: 3}
      propertyPath: m_LocalEulerAnglesHint.y
      value: 0
      objectReference: {fileID: 0}
    - target: {fileID: 4620178347958848, guid: 9cc6079d572e9dc43bedf483b3426281, type: 3}
      propertyPath: m_LocalEulerAnglesHint.z
      value: 0
      objectReference: {fileID: 0}
    m_RemovedComponents: []
  m_SourcePrefab: {fileID: 100100000, guid: 9cc6079d572e9dc43bedf483b3426281, type: 3}
--- !u!1001 &1250910519
PrefabInstance:
  m_ObjectHideFlags: 0
  serializedVersion: 2
  m_Modification:
    m_TransformParent: {fileID: 0}
    m_Modifications:
    - target: {fileID: 1456703055220044, guid: b71e387166e4ce648849bbd6b762b736, type: 3}
      propertyPath: m_Name
      value: Stump (1)
      objectReference: {fileID: 0}
    - target: {fileID: 4556984811349870, guid: b71e387166e4ce648849bbd6b762b736, type: 3}
      propertyPath: m_RootOrder
      value: 2
      objectReference: {fileID: 0}
    - target: {fileID: 4556984811349870, guid: b71e387166e4ce648849bbd6b762b736, type: 3}
      propertyPath: m_LocalPosition.x
      value: 84
      objectReference: {fileID: 0}
    - target: {fileID: 4556984811349870, guid: b71e387166e4ce648849bbd6b762b736, type: 3}
      propertyPath: m_LocalPosition.y
      value: 100.37517
      objectReference: {fileID: 0}
    - target: {fileID: 4556984811349870, guid: b71e387166e4ce648849bbd6b762b736, type: 3}
      propertyPath: m_LocalPosition.z
      value: 150.34
      objectReference: {fileID: 0}
    - target: {fileID: 4556984811349870, guid: b71e387166e4ce648849bbd6b762b736, type: 3}
      propertyPath: m_LocalRotation.w
      value: 0.9265537
      objectReference: {fileID: 0}
    - target: {fileID: 4556984811349870, guid: b71e387166e4ce648849bbd6b762b736, type: 3}
      propertyPath: m_LocalRotation.x
      value: 0.000000020250473
      objectReference: {fileID: 0}
    - target: {fileID: 4556984811349870, guid: b71e387166e4ce648849bbd6b762b736, type: 3}
      propertyPath: m_LocalRotation.y
      value: -0.37616244
      objectReference: {fileID: 0}
    - target: {fileID: 4556984811349870, guid: b71e387166e4ce648849bbd6b762b736, type: 3}
      propertyPath: m_LocalRotation.z
      value: -0.00000000822129
      objectReference: {fileID: 0}
    - target: {fileID: 4556984811349870, guid: b71e387166e4ce648849bbd6b762b736, type: 3}
      propertyPath: m_LocalEulerAnglesHint.y
      value: -44.192
      objectReference: {fileID: 0}
    m_RemovedComponents: []
  m_SourcePrefab: {fileID: 100100000, guid: b71e387166e4ce648849bbd6b762b736, type: 3}
--- !u!1001 &1431951804
PrefabInstance:
  m_ObjectHideFlags: 0
  serializedVersion: 2
  m_Modification:
    m_TransformParent: {fileID: 613913697}
    m_Modifications:
    - target: {fileID: 143668, guid: e6ba3498ffa1e534b91a07264266e6b8, type: 3}
      propertyPath: m_Name
      value: CustomHandLeft
      objectReference: {fileID: 0}
    - target: {fileID: 143668, guid: e6ba3498ffa1e534b91a07264266e6b8, type: 3}
      propertyPath: m_TagString
      value: Untagged
      objectReference: {fileID: 0}
    - target: {fileID: 414912, guid: e6ba3498ffa1e534b91a07264266e6b8, type: 3}
      propertyPath: m_RootOrder
      value: 1
      objectReference: {fileID: 0}
    - target: {fileID: 414912, guid: e6ba3498ffa1e534b91a07264266e6b8, type: 3}
      propertyPath: m_LocalPosition.x
      value: 0
      objectReference: {fileID: 0}
    - target: {fileID: 414912, guid: e6ba3498ffa1e534b91a07264266e6b8, type: 3}
      propertyPath: m_LocalPosition.y
      value: -0
      objectReference: {fileID: 0}
    - target: {fileID: 414912, guid: e6ba3498ffa1e534b91a07264266e6b8, type: 3}
      propertyPath: m_LocalPosition.z
      value: 0
      objectReference: {fileID: 0}
    - target: {fileID: 414912, guid: e6ba3498ffa1e534b91a07264266e6b8, type: 3}
      propertyPath: m_LocalRotation.w
      value: 0.7071067
      objectReference: {fileID: 0}
    - target: {fileID: 414912, guid: e6ba3498ffa1e534b91a07264266e6b8, type: 3}
      propertyPath: m_LocalRotation.x
      value: -0
      objectReference: {fileID: 0}
    - target: {fileID: 414912, guid: e6ba3498ffa1e534b91a07264266e6b8, type: 3}
      propertyPath: m_LocalRotation.y
      value: -0
      objectReference: {fileID: 0}
    - target: {fileID: 414912, guid: e6ba3498ffa1e534b91a07264266e6b8, type: 3}
      propertyPath: m_LocalRotation.z
      value: 0.7071068
      objectReference: {fileID: 0}
    - target: {fileID: 414912, guid: e6ba3498ffa1e534b91a07264266e6b8, type: 3}
      propertyPath: m_LocalEulerAnglesHint.x
      value: 0
      objectReference: {fileID: 0}
    - target: {fileID: 414912, guid: e6ba3498ffa1e534b91a07264266e6b8, type: 3}
      propertyPath: m_LocalEulerAnglesHint.y
      value: 0
      objectReference: {fileID: 0}
    - target: {fileID: 414912, guid: e6ba3498ffa1e534b91a07264266e6b8, type: 3}
      propertyPath: m_LocalEulerAnglesHint.z
      value: 90
      objectReference: {fileID: 0}
    m_RemovedComponents: []
  m_SourcePrefab: {fileID: 100100000, guid: e6ba3498ffa1e534b91a07264266e6b8, type: 3}
--- !u!1 &1492943976
GameObject:
  m_ObjectHideFlags: 0
  m_CorrespondingSourceObject: {fileID: 0}
  m_PrefabInstance: {fileID: 0}
  m_PrefabAsset: {fileID: 0}
  serializedVersion: 6
  m_Component:
  - component: {fileID: 1492943979}
  - component: {fileID: 1492943977}
  - component: {fileID: 1492943980}
  m_Layer: 0
  m_Name: Hook
  m_TagString: Untagged
  m_Icon: {fileID: 0}
  m_NavMeshLayer: 0
  m_StaticEditorFlags: 0
  m_IsActive: 1
--- !u!120 &1492943977
LineRenderer:
  m_ObjectHideFlags: 0
  m_CorrespondingSourceObject: {fileID: 0}
  m_PrefabInstance: {fileID: 0}
  m_PrefabAsset: {fileID: 0}
  m_GameObject: {fileID: 1492943976}
  m_Enabled: 1
  m_CastShadows: 1
  m_ReceiveShadows: 1
  m_DynamicOccludee: 1
  m_StaticShadowCaster: 0
  m_MotionVectors: 0
  m_LightProbeUsage: 0
  m_ReflectionProbeUsage: 0
  m_RayTracingMode: 0
  m_RayTraceProcedural: 0
  m_RenderingLayerMask: 1
  m_RendererPriority: 0
  m_Materials:
  - {fileID: 2100000, guid: cda84cad8c203e8439ff5c80e9cfc00b, type: 2}
  m_StaticBatchInfo:
    firstSubMesh: 0
    subMeshCount: 0
  m_StaticBatchRoot: {fileID: 0}
  m_ProbeAnchor: {fileID: 0}
  m_LightProbeVolumeOverride: {fileID: 0}
  m_ScaleInLightmap: 1
  m_ReceiveGI: 1
  m_PreserveUVs: 0
  m_IgnoreNormalsForChartDetection: 0
  m_ImportantGI: 0
  m_StitchLightmapSeams: 1
  m_SelectedEditorRenderState: 3
  m_MinimumChartSize: 4
  m_AutoUVMaxDistance: 0.5
  m_AutoUVMaxAngle: 89
  m_LightmapParameters: {fileID: 0}
  m_SortingLayerID: 0
  m_SortingLayer: 0
  m_SortingOrder: 0
  m_Positions:
  - {x: 0, y: 0, z: 0}
  - {x: 0, y: 0, z: 1}
  m_Parameters:
    serializedVersion: 3
    widthMultiplier: 0.1
    widthCurve:
      serializedVersion: 2
      m_Curve:
      - serializedVersion: 3
        time: 0
        value: 1
        inSlope: 0
        outSlope: 0
        tangentMode: 0
        weightedMode: 0
        inWeight: 0.33333334
        outWeight: 0.33333334
      m_PreInfinity: 2
      m_PostInfinity: 2
      m_RotationOrder: 4
    colorGradient:
      serializedVersion: 2
      key0: {r: 1, g: 1, b: 1, a: 1}
      key1: {r: 1, g: 1, b: 1, a: 1}
      key2: {r: 0, g: 0, b: 0, a: 0}
      key3: {r: 0, g: 0, b: 0, a: 0}
      key4: {r: 0, g: 0, b: 0, a: 0}
      key5: {r: 0, g: 0, b: 0, a: 0}
      key6: {r: 0, g: 0, b: 0, a: 0}
      key7: {r: 0, g: 0, b: 0, a: 0}
      ctime0: 0
      ctime1: 65535
      ctime2: 0
      ctime3: 0
      ctime4: 0
      ctime5: 0
      ctime6: 0
      ctime7: 0
      atime0: 0
      atime1: 65535
      atime2: 0
      atime3: 0
      atime4: 0
      atime5: 0
      atime6: 0
      atime7: 0
      m_Mode: 0
      m_NumColorKeys: 2
      m_NumAlphaKeys: 2
    numCornerVertices: 0
    numCapVertices: 0
    alignment: 0
    textureMode: 0
    shadowBias: 0.5
    generateLightingData: 0
  m_UseWorldSpace: 1
  m_Loop: 0
--- !u!4 &1492943979
Transform:
  m_ObjectHideFlags: 0
  m_CorrespondingSourceObject: {fileID: 0}
  m_PrefabInstance: {fileID: 0}
  m_PrefabAsset: {fileID: 0}
  m_GameObject: {fileID: 1492943976}
  m_LocalRotation: {x: -0, y: -0, z: -0, w: 1}
  m_LocalPosition: {x: 0, y: 0, z: 0}
  m_LocalScale: {x: 1, y: 1, z: 1}
  m_ConstrainProportionsScale: 0
  m_Children: []
  m_Father: {fileID: 2071197176}
  m_RootOrder: 1
  m_LocalEulerAnglesHint: {x: 0, y: 0, z: 0}
--- !u!114 &1492943980
MonoBehaviour:
  m_ObjectHideFlags: 0
  m_CorrespondingSourceObject: {fileID: 0}
  m_PrefabInstance: {fileID: 0}
  m_PrefabAsset: {fileID: 0}
  m_GameObject: {fileID: 1492943976}
  m_Enabled: 1
  m_EditorHideFlags: 0
  m_Script: {fileID: 11500000, guid: 6c260c09beff4e042a6edd11aa632491, type: 3}
  m_Name: 
  m_EditorClassIdentifier: 
  hookPos: {fileID: 1684697598}
  playerTr: {fileID: 2071197176}
  treeLayer:
    serializedVersion: 2
    m_Bits: 64
--- !u!1 &1684697597
GameObject:
  m_ObjectHideFlags: 0
  m_CorrespondingSourceObject: {fileID: 0}
  m_PrefabInstance: {fileID: 0}
  m_PrefabAsset: {fileID: 0}
  serializedVersion: 6
  m_Component:
  - component: {fileID: 1684697598}
  m_Layer: 0
  m_Name: HookPos
  m_TagString: Untagged
  m_Icon: {fileID: 0}
  m_NavMeshLayer: 0
  m_StaticEditorFlags: 0
  m_IsActive: 1
--- !u!4 &1684697598
Transform:
  m_ObjectHideFlags: 0
  m_CorrespondingSourceObject: {fileID: 0}
  m_PrefabInstance: {fileID: 0}
  m_PrefabAsset: {fileID: 0}
  m_GameObject: {fileID: 1684697597}
  m_LocalRotation: {x: 0, y: 0, z: 0, w: 1}
  m_LocalPosition: {x: 0, y: 11.24, z: 0}
  m_LocalScale: {x: 1, y: 1, z: 1}
  m_ConstrainProportionsScale: 0
  m_Children: []
  m_Father: {fileID: 989968671}
  m_RootOrder: 0
  m_LocalEulerAnglesHint: {x: 0, y: 0, z: 0}
--- !u!4 &1738906995 stripped
Transform:
  m_CorrespondingSourceObject: {fileID: 400004, guid: 126d619cf4daa52469682f85c1378b4a, type: 3}
  m_PrefabInstance: {fileID: 415253809}
  m_PrefabAsset: {fileID: 0}
--- !u!4 &1871437699 stripped
Transform:
  m_CorrespondingSourceObject: {fileID: 4620178347958848, guid: 9cc6079d572e9dc43bedf483b3426281, type: 3}
  m_PrefabInstance: {fileID: 1142297841}
  m_PrefabAsset: {fileID: 0}
--- !u!1001 &2053701220
PrefabInstance:
  m_ObjectHideFlags: 0
  serializedVersion: 2
  m_Modification:
    m_TransformParent: {fileID: 752077660}
    m_Modifications:
    - target: {fileID: 769601220, guid: e8bfe197d6130bc458953aa949acc195, type: 3}
      propertyPath: mat
      value: 
      objectReference: {fileID: 2100000, guid: cc60ec32b64abd84ba21af6ca87441bf, type: 2}
    - target: {fileID: 769601221, guid: e8bfe197d6130bc458953aa949acc195, type: 3}
      propertyPath: m_IsTrigger
      value: 0
      objectReference: {fileID: 0}
    - target: {fileID: 769601225, guid: e8bfe197d6130bc458953aa949acc195, type: 3}
      propertyPath: m_Constraints
      value: 112
      objectReference: {fileID: 0}
    - target: {fileID: 2869413995942106812, guid: e8bfe197d6130bc458953aa949acc195, type: 3}
      propertyPath: m_RootOrder
      value: 0
      objectReference: {fileID: 0}
    - target: {fileID: 2869413995942106812, guid: e8bfe197d6130bc458953aa949acc195, type: 3}
      propertyPath: m_LocalScale.y
      value: 1.1300006
      objectReference: {fileID: 0}
    - target: {fileID: 2869413995942106812, guid: e8bfe197d6130bc458953aa949acc195, type: 3}
      propertyPath: m_LocalScale.z
      value: 1
      objectReference: {fileID: 0}
    - target: {fileID: 2869413995942106812, guid: e8bfe197d6130bc458953aa949acc195, type: 3}
      propertyPath: m_LocalPosition.x
      value: 82.99
      objectReference: {fileID: 0}
    - target: {fileID: 2869413995942106812, guid: e8bfe197d6130bc458953aa949acc195, type: 3}
      propertyPath: m_LocalPosition.y
      value: 102.67
      objectReference: {fileID: 0}
    - target: {fileID: 2869413995942106812, guid: e8bfe197d6130bc458953aa949acc195, type: 3}
      propertyPath: m_LocalPosition.z
      value: 154.94
      objectReference: {fileID: 0}
    - target: {fileID: 2869413995942106812, guid: e8bfe197d6130bc458953aa949acc195, type: 3}
      propertyPath: m_LocalRotation.w
      value: 0.76604444
      objectReference: {fileID: 0}
    - target: {fileID: 2869413995942106812, guid: e8bfe197d6130bc458953aa949acc195, type: 3}
      propertyPath: m_LocalRotation.x
      value: 0.64278775
      objectReference: {fileID: 0}
    - target: {fileID: 2869413995942106812, guid: e8bfe197d6130bc458953aa949acc195, type: 3}
      propertyPath: m_LocalRotation.y
      value: 0.000000029802322
      objectReference: {fileID: 0}
    - target: {fileID: 2869413995942106812, guid: e8bfe197d6130bc458953aa949acc195, type: 3}
      propertyPath: m_LocalRotation.z
      value: 0.0000000027939677
      objectReference: {fileID: 0}
    - target: {fileID: 2869413995942106812, guid: e8bfe197d6130bc458953aa949acc195, type: 3}
      propertyPath: m_LocalEulerAnglesHint.x
      value: 80
      objectReference: {fileID: 0}
    - target: {fileID: 2869413995942106812, guid: e8bfe197d6130bc458953aa949acc195, type: 3}
      propertyPath: m_LocalEulerAnglesHint.y
      value: 0
      objectReference: {fileID: 0}
    - target: {fileID: 2869413995942106812, guid: e8bfe197d6130bc458953aa949acc195, type: 3}
      propertyPath: m_LocalEulerAnglesHint.z
      value: 0
      objectReference: {fileID: 0}
    - target: {fileID: 3213851043470871558, guid: e8bfe197d6130bc458953aa949acc195, type: 3}
      propertyPath: m_Name
      value: Sword4_Red
      objectReference: {fileID: 0}
    - target: {fileID: 3213851043470871558, guid: e8bfe197d6130bc458953aa949acc195, type: 3}
      propertyPath: m_IsActive
      value: 0
      objectReference: {fileID: 0}
    m_RemovedComponents: []
  m_SourcePrefab: {fileID: 100100000, guid: e8bfe197d6130bc458953aa949acc195, type: 3}
--- !u!1 &2071197173
GameObject:
  m_ObjectHideFlags: 0
  m_CorrespondingSourceObject: {fileID: 0}
  m_PrefabInstance: {fileID: 0}
  m_PrefabAsset: {fileID: 0}
  serializedVersion: 6
  m_Component:
  - component: {fileID: 2071197176}
  - component: {fileID: 2071197180}
  - component: {fileID: 2071197179}
  - component: {fileID: 2071197181}
  - component: {fileID: 2071197184}
  - component: {fileID: 2071197185}
  m_Layer: 0
  m_Name: Player
  m_TagString: PLAYER
  m_Icon: {fileID: 0}
  m_NavMeshLayer: 0
  m_StaticEditorFlags: 0
  m_IsActive: 1
--- !u!4 &2071197176
Transform:
  m_ObjectHideFlags: 0
  m_CorrespondingSourceObject: {fileID: 0}
  m_PrefabInstance: {fileID: 0}
  m_PrefabAsset: {fileID: 0}
  m_GameObject: {fileID: 2071197173}
  m_LocalRotation: {x: 0.011728933, y: 0.96520025, z: -0.04396012, w: 0.25752366}
  m_LocalPosition: {x: 79.15, y: 106.314, z: 165.51}
  m_LocalScale: {x: 1, y: 1, z: 1}
  m_ConstrainProportionsScale: 0
  m_Children:
  - {fileID: 1738906995}
  - {fileID: 1492943979}
  m_Father: {fileID: 0}
  m_RootOrder: 5
  m_LocalEulerAnglesHint: {x: 5.1730003, y: 150.11101, z: 0}
--- !u!23 &2071197179
MeshRenderer:
  m_ObjectHideFlags: 0
  m_CorrespondingSourceObject: {fileID: 0}
  m_PrefabInstance: {fileID: 0}
  m_PrefabAsset: {fileID: 0}
  m_GameObject: {fileID: 2071197173}
  m_Enabled: 1
  m_CastShadows: 1
  m_ReceiveShadows: 1
  m_DynamicOccludee: 1
  m_StaticShadowCaster: 0
  m_MotionVectors: 1
  m_LightProbeUsage: 1
  m_ReflectionProbeUsage: 1
  m_RayTracingMode: 2
  m_RayTraceProcedural: 0
  m_RenderingLayerMask: 1
  m_RendererPriority: 0
  m_Materials:
  - {fileID: 2100000, guid: cc60ec32b64abd84ba21af6ca87441bf, type: 2}
  m_StaticBatchInfo:
    firstSubMesh: 0
    subMeshCount: 0
  m_StaticBatchRoot: {fileID: 0}
  m_ProbeAnchor: {fileID: 0}
  m_LightProbeVolumeOverride: {fileID: 0}
  m_ScaleInLightmap: 1
  m_ReceiveGI: 1
  m_PreserveUVs: 0
  m_IgnoreNormalsForChartDetection: 0
  m_ImportantGI: 0
  m_StitchLightmapSeams: 1
  m_SelectedEditorRenderState: 3
  m_MinimumChartSize: 4
  m_AutoUVMaxDistance: 0.5
  m_AutoUVMaxAngle: 89
  m_LightmapParameters: {fileID: 0}
  m_SortingLayerID: 0
  m_SortingLayer: 0
  m_SortingOrder: 0
  m_AdditionalVertexStreams: {fileID: 0}
--- !u!33 &2071197180
MeshFilter:
  m_ObjectHideFlags: 0
  m_CorrespondingSourceObject: {fileID: 0}
  m_PrefabInstance: {fileID: 0}
  m_PrefabAsset: {fileID: 0}
  m_GameObject: {fileID: 2071197173}
  m_Mesh: {fileID: 10208, guid: 0000000000000000e000000000000000, type: 0}
--- !u!136 &2071197181
CapsuleCollider:
  m_ObjectHideFlags: 0
  m_CorrespondingSourceObject: {fileID: 0}
  m_PrefabInstance: {fileID: 0}
  m_PrefabAsset: {fileID: 0}
  m_GameObject: {fileID: 2071197173}
  m_Material: {fileID: 0}
  m_IsTrigger: 0
  m_Enabled: 1
  m_Radius: 0.50000006
  m_Height: 2
  m_Direction: 1
  m_Center: {x: 0, y: 0, z: -0.0000076293945}
--- !u!54 &2071197184
Rigidbody:
  m_ObjectHideFlags: 0
  m_CorrespondingSourceObject: {fileID: 0}
  m_PrefabInstance: {fileID: 0}
  m_PrefabAsset: {fileID: 0}
  m_GameObject: {fileID: 2071197173}
  serializedVersion: 2
  m_Mass: 3
  m_Drag: 0
  m_AngularDrag: 0.05
  m_UseGravity: 1
  m_IsKinematic: 0
  m_Interpolate: 0
  m_Constraints: 112
  m_CollisionDetection: 0
--- !u!114 &2071197185
MonoBehaviour:
  m_ObjectHideFlags: 0
  m_CorrespondingSourceObject: {fileID: 0}
  m_PrefabInstance: {fileID: 0}
  m_PrefabAsset: {fileID: 0}
  m_GameObject: {fileID: 2071197173}
  m_Enabled: 1
  m_EditorHideFlags: 0
  m_Script: {fileID: 11500000, guid: fb50ee171df503b4287c1323cc7301db, type: 3}
  m_Name: 
  m_EditorClassIdentifier: 
  walkSpeed: 7
  sprintSpeed: 10
  swingSpeed: 15
  groundDrag: 4
  jumpForce: 12
  jumpCooldown: 0.25
  airMultiplier: 0.4
  crouchSpeed: 3.5
  crouchYScale: 0.5
  jumpKey: 32
  sprintKey: 304
  crouchKey: 306
  playerHeight: 2
  whatIsGround:
    serializedVersion: 2
    m_Bits: 2147483647
  maxSlopeAngle: 45
  cam: {fileID: 0}
  grappleFov: 95
  orientation: {fileID: 2071197176}
  state: 0
  freeze: 0
  activeGrapple: 0
  swinging: 0
  text_speed: {fileID: 0}
  text_mode: {fileID: 0}
--- !u!1 &2087764770
GameObject:
  m_ObjectHideFlags: 0
  m_CorrespondingSourceObject: {fileID: 0}
  m_PrefabInstance: {fileID: 0}
  m_PrefabAsset: {fileID: 0}
  serializedVersion: 6
  m_Component:
  - component: {fileID: 2087764773}
  - component: {fileID: 2087764772}
  - component: {fileID: 2087764771}
  m_Layer: 0
  m_Name: Terrain
  m_TagString: Untagged
  m_Icon: {fileID: 0}
  m_NavMeshLayer: 0
  m_StaticEditorFlags: 4294967295
  m_IsActive: 1
--- !u!154 &2087764771
TerrainCollider:
  m_ObjectHideFlags: 0
  m_CorrespondingSourceObject: {fileID: 0}
  m_PrefabInstance: {fileID: 0}
  m_PrefabAsset: {fileID: 0}
  m_GameObject: {fileID: 2087764770}
  m_Material: {fileID: 0}
  m_Enabled: 1
  m_TerrainData: {fileID: 15600000, guid: e8dfda675d4b6b045a1a927e19caffc4, type: 2}
  m_EnableTreeColliders: 1
--- !u!218 &2087764772
Terrain:
  m_ObjectHideFlags: 0
  m_CorrespondingSourceObject: {fileID: 0}
  m_PrefabInstance: {fileID: 0}
  m_PrefabAsset: {fileID: 0}
  m_GameObject: {fileID: 2087764770}
  m_Enabled: 1
  serializedVersion: 6
  m_TerrainData: {fileID: 15600000, guid: e8dfda675d4b6b045a1a927e19caffc4, type: 2}
  m_TreeDistance: 2000
  m_TreeBillboardDistance: 2000
  m_TreeCrossFadeLength: 5
  m_TreeMaximumFullLODCount: 50
  m_DetailObjectDistance: 250
  m_DetailObjectDensity: 1
  m_HeightmapPixelError: 5
  m_SplatMapDistance: 1000
  m_HeightmapMaximumLOD: 0
  m_ShadowCastingMode: 2
  m_DrawHeightmap: 1
  m_DrawInstanced: 0
  m_DrawTreesAndFoliage: 1
  m_StaticShadowCaster: 0
  m_ReflectionProbeUsage: 1
  m_MaterialTemplate: {fileID: 10650, guid: 0000000000000000f000000000000000, type: 0}
  m_BakeLightProbesForTrees: 1
  m_PreserveTreePrototypeLayers: 0
  m_DeringLightProbesForTrees: 1
  m_ScaleInLightmap: 0.0512
  m_LightmapParameters: {fileID: 15203, guid: 0000000000000000f000000000000000, type: 0}
  m_GroupingID: 0
  m_RenderingLayerMask: 1
  m_AllowAutoConnect: 0
--- !u!4 &2087764773
Transform:
  m_ObjectHideFlags: 0
  m_CorrespondingSourceObject: {fileID: 0}
  m_PrefabInstance: {fileID: 0}
  m_PrefabAsset: {fileID: 0}
  m_GameObject: {fileID: 2087764770}
  m_LocalRotation: {x: -0, y: -0, z: -0, w: 1}
  m_LocalPosition: {x: 0, y: 0, z: 0}
  m_LocalScale: {x: 1, y: 1, z: 1}
  m_ConstrainProportionsScale: 0
  m_Children: []
  m_Father: {fileID: 0}
  m_RootOrder: 3
  m_LocalEulerAnglesHint: {x: 0, y: 0, z: 0}
--- !u!1001 &2089733246
PrefabInstance:
  m_ObjectHideFlags: 0
  serializedVersion: 2
  m_Modification:
    m_TransformParent: {fileID: 0}
    m_Modifications:
    - target: {fileID: 1977261233423868, guid: 2cebbe72b3420fb47b0861343e1b0a46, type: 3}
      propertyPath: m_Layer
      value: 6
      objectReference: {fileID: 0}
    - target: {fileID: 1977261233423868, guid: 2cebbe72b3420fb47b0861343e1b0a46, type: 3}
      propertyPath: m_TagString
      value: TREE
      objectReference: {fileID: 0}
    - target: {fileID: 4568260420906790, guid: 2cebbe72b3420fb47b0861343e1b0a46, type: 3}
      propertyPath: m_RootOrder
      value: 7
      objectReference: {fileID: 0}
    - target: {fileID: 4568260420906790, guid: 2cebbe72b3420fb47b0861343e1b0a46, type: 3}
      propertyPath: m_LocalScale.y
      value: 3
      objectReference: {fileID: 0}
    - target: {fileID: 4568260420906790, guid: 2cebbe72b3420fb47b0861343e1b0a46, type: 3}
      propertyPath: m_LocalPosition.x
      value: 84.40927
      objectReference: {fileID: 0}
    - target: {fileID: 4568260420906790, guid: 2cebbe72b3420fb47b0861343e1b0a46, type: 3}
      propertyPath: m_LocalPosition.y
      value: 103.8
      objectReference: {fileID: 0}
    - target: {fileID: 4568260420906790, guid: 2cebbe72b3420fb47b0861343e1b0a46, type: 3}
      propertyPath: m_LocalPosition.z
      value: 156.35571
      objectReference: {fileID: 0}
    - target: {fileID: 4568260420906790, guid: 2cebbe72b3420fb47b0861343e1b0a46, type: 3}
      propertyPath: m_LocalRotation.w
      value: 1
      objectReference: {fileID: 0}
    - target: {fileID: 4568260420906790, guid: 2cebbe72b3420fb47b0861343e1b0a46, type: 3}
      propertyPath: m_LocalRotation.x
      value: -0
      objectReference: {fileID: 0}
    - target: {fileID: 4568260420906790, guid: 2cebbe72b3420fb47b0861343e1b0a46, type: 3}
      propertyPath: m_LocalRotation.y
      value: -0
      objectReference: {fileID: 0}
    - target: {fileID: 4568260420906790, guid: 2cebbe72b3420fb47b0861343e1b0a46, type: 3}
      propertyPath: m_LocalRotation.z
      value: -0
      objectReference: {fileID: 0}
    m_RemovedComponents: []
  m_SourcePrefab: {fileID: 100100000, guid: 2cebbe72b3420fb47b0861343e1b0a46, type: 3}
--- !u!1001 &7932262736875537466
PrefabInstance:
  m_ObjectHideFlags: 0
  serializedVersion: 2
  m_Modification:
    m_TransformParent: {fileID: 0}
    m_Modifications:
    - target: {fileID: 2711533144599482398, guid: 0fd379035868bbc4d8b1e499b254ee9f, type: 3}
      propertyPath: m_Name
      value: Bear
      objectReference: {fileID: 0}
    - target: {fileID: 2711533144599482398, guid: 0fd379035868bbc4d8b1e499b254ee9f, type: 3}
      propertyPath: m_TagString
      value: ANIMAL
      objectReference: {fileID: 0}
    - target: {fileID: 3380687831318694564, guid: 0fd379035868bbc4d8b1e499b254ee9f, type: 3}
      propertyPath: m_RootOrder
      value: 1
      objectReference: {fileID: 0}
    - target: {fileID: 3380687831318694564, guid: 0fd379035868bbc4d8b1e499b254ee9f, type: 3}
      propertyPath: m_LocalPosition.x
      value: 84.407295
      objectReference: {fileID: 0}
    - target: {fileID: 3380687831318694564, guid: 0fd379035868bbc4d8b1e499b254ee9f, type: 3}
      propertyPath: m_LocalPosition.y
      value: 101.55
      objectReference: {fileID: 0}
    - target: {fileID: 3380687831318694564, guid: 0fd379035868bbc4d8b1e499b254ee9f, type: 3}
      propertyPath: m_LocalPosition.z
      value: 161.53029
      objectReference: {fileID: 0}
    - target: {fileID: 3380687831318694564, guid: 0fd379035868bbc4d8b1e499b254ee9f, type: 3}
      propertyPath: m_LocalRotation.w
      value: -0.20552275
      objectReference: {fileID: 0}
    - target: {fileID: 3380687831318694564, guid: 0fd379035868bbc4d8b1e499b254ee9f, type: 3}
      propertyPath: m_LocalRotation.x
      value: -0
      objectReference: {fileID: 0}
    - target: {fileID: 3380687831318694564, guid: 0fd379035868bbc4d8b1e499b254ee9f, type: 3}
      propertyPath: m_LocalRotation.y
      value: -0.97865236
      objectReference: {fileID: 0}
    - target: {fileID: 3380687831318694564, guid: 0fd379035868bbc4d8b1e499b254ee9f, type: 3}
      propertyPath: m_LocalRotation.z
      value: -0
      objectReference: {fileID: 0}
    - target: {fileID: 3380687831318694564, guid: 0fd379035868bbc4d8b1e499b254ee9f, type: 3}
      propertyPath: m_LocalEulerAnglesHint.x
      value: 0
      objectReference: {fileID: 0}
    - target: {fileID: 3380687831318694564, guid: 0fd379035868bbc4d8b1e499b254ee9f, type: 3}
      propertyPath: m_LocalEulerAnglesHint.y
      value: -203.71999
      objectReference: {fileID: 0}
    - target: {fileID: 3380687831318694564, guid: 0fd379035868bbc4d8b1e499b254ee9f, type: 3}
      propertyPath: m_LocalEulerAnglesHint.z
      value: 0
      objectReference: {fileID: 0}
    m_RemovedComponents: []
  m_SourcePrefab: {fileID: 100100000, guid: 0fd379035868bbc4d8b1e499b254ee9f, type: 3}
